<?xml version="1.0" encoding="UTF-8"?><collection xmlns="http://www.loc.gov/MARC21/slim"><record><leader>00447nam--2200133-i-4500</leader><controlfield tag="001">000028408</controlfield><controlfield tag="002">20161230</controlfield><controlfield tag="005">20161230201037</controlfield><controlfield tag="008">060222s1000------------r-----000-0-eng-d</controlfield><datafield ind1=" " ind2=" " tag="100"><subfield code="a">Langbein R., Werkmeister G</subfield></datafield><datafield ind1=" " ind2=" " tag="245"><subfield code="a">Elektrische messgerate. genauigkeit und einflussgrossen. 3. neubearbeitet auflage</subfield></datafield><datafield ind1=" " ind2=" " tag="260"><subfield code="a">Leipzig, Akademische Verlagsgeselschaft, 1959, Xii + 251p., 208fig</subfield></datafield><datafield ind1=" " ind2=" " tag="490"><subfield code="a">Technisch-physikalische Monographien</subfield></datafield><datafield ind1=" " ind2=" " tag="852"><subfield code="a">6821</subfield></datafield></record></collection>